%% This BibTeX bibliography file was created using BibDesk.
%% http://bibdesk.sourceforge.net/


%% Created for Oliver Erxleben at 2013-12-15 09:30:19 +0100 


%% Saved with string encoding Unicode (UTF-8) 



@book{usabilityEngineeringKompakt,
	Author = {Michael Richter},
	Date-Added = {2013-12-15 08:26:35 +0000},
	Date-Modified = {2013-12-15 08:30:02 +0000},
	Edition = {3},
	Keywords = {usability, engineering, methoden},
	Publisher = {Springer},
	Title = {Usability Engineering kompakt: Benutzbare Software gezielt entwickeln},
	Year = {2013}}

@url{usabilityblog_wasBeachten,
	Author = {Martin Beschnitt},
	Date-Added = {2013-12-15 08:19:49 +0000},
	Date-Modified = {2013-12-15 08:21:16 +0000},
	Keywords = {mobile, usability, test, methoden, verfahren},
	Lastchecked = {15.12.2013},
	Title = {Mobile Usability-Tests: Was sollte man beachten?},
	Url = {http://www.usabilityblog.de/2010/08/mobile-usability-tests-was-sollte-man-beachten/},
	Urldate = {23.08.2010}}

@url{usabilityblog_eResult,
	Author = {Moritz Keck},
	Date-Added = {2013-12-15 08:14:34 +0000},
	Date-Modified = {2013-12-15 08:19:07 +0000},
	Keywords = {usability, eResult, Beispiel, example, motivation, methoden, verfahren, mobile},
	Lastchecked = {15.12.2013},
	Month = {02},
	Title = {Usability-Labs bei Apps -- so schauen wir bei eResult Nutzern {\"u}ber die Schulter},
	Url = {http://www.usabilityblog.de/2011/02/usability-labs-bei-apps-so-schauen-wir-bei-eresult-nutzern-uber-die-schulter/},
	Urldate = {15.02.2013},
	Year = {2011}}
